@misc{loadablekernelmodule,
    author    = "WIKIPEDIA",
    title     = "Loadable kernel module",
    howpublished = "\url{https://en.wikipedia.org/wiki/Loadable_kernel_module}"
}

@misc{makefilewiki,
    author    = "WIKIPEDIA",
    title     = "Makefile",
    howpublished = "\url{https://en.wikipedia.org/wiki/Makefile}"
}

@misc{gittutorial,
    author    = "Code School",
    title     = "Try Git: Git Tutorial",
    howpublished = "\url{https://try.github.io/levels/1/challenges/1}"
}

@misc{latextutorial,
    author    = "Claudio Vellage",
    title     = "LaTeX Tutorial",
    howpublished = "\url{https://www.latex-tutorial.com/tutorials/}"
}

@misc{mdtutorial,
    author    = "GitHub",
    title     = "Mastering Markdown",
    howpublished = "\url{https://guides.github.com/features/mastering-markdown/}"
}

@inproceedings{feliciano:icse2016,
    author = {Feliciano, Joseph and Storey, Margaret-Anne and Zagalsky, Alexey},
    title = {Student Experiences Using GitHub in Software Engineering Courses: A
             Case Study},
    booktitle = {Proceedings of the 38th International Conference on Software
                 Engineering Companion},
    year = {2016},
    pages = {422--431}
}
